@article{DBLP:journals/corr/KeskarMNST16,
  author    = {Nitish Shirish Keskar and
               Dheevatsa Mudigere and
               Jorge Nocedal and
               Mikhail Smelyanskiy and
               Ping Tak Peter Tang},
  title     = {On Large-Batch Training for Deep Learning: Generalization Gap and
               Sharp Minima},
  journal   = {CoRR},
  volume    = {abs/1609.04836},
  year      = {2016},
  url       = {http://arxiv.org/abs/1609.04836},
  archivePrefix = {arXiv},
  eprint    = {1609.04836},
  timestamp = {Mon, 13 Aug 2018 16:46:48 +0200},
  biburl    = {https://dblp.org/rec/journals/corr/KeskarMNST16.bib},
  bibsource = {dblp computer science bibliography, https://dblp.org}
}

@inproceedings{he2016deep,
  title={Deep residual learning for image recognition},
  author={He, Kaiming and Zhang, Xiangyu and Ren, Shaoqing and Sun, Jian},
  booktitle={Proceedings of the IEEE conference on computer vision and pattern recognition},
  pages={770--778},
  year={2016}
}

@inproceedings{yang2010bag,
  title={Bag-of-visual-words and spatial extensions for land-use classification},
  author={Yang, Yi and Newsam, Shawn},
  booktitle={Proceedings of the 18th SIGSPATIAL international conference on advances in geographic information systems},
  pages={270--279},
  year={2010}
}

@article{campos2020understanding,
  title={Understanding deep learning in land use classification based on Sentinel-2 time series},
  author={Campos-Taberner, Manuel and Garc{\'\i}a-Haro, Francisco Javier and Mart{\'\i}nez, Beatriz and Izquierdo-Verdiguier, Emma and Atzberger, Clement and Camps-Valls, Gustau and Gilabert, Mar{\'\i}a Amparo},
  journal={Scientific reports},
  volume={10},
  number={1},
  pages={1--12},
  year={2020},
  publisher={Nature Publishing Group}
}